@book{apostilai,
  author = {IFSC/USP},
  year = {2017},
  title = {Laboratório de Física I: livro de práticas},
  isbn = "978-85-61958-05-3"
}
@book{apostilaii,
  author = {IFSC/USP},
  year = {2018},
  title = {Laboratório de Física II: livro de práticas},
  isbn = "978-85-61958-06-0"
}
@book{halliday2013fundamentals,
  title={Fundamentals of Physics, Extended},
  author={Halliday, D. and Resnick, R. and Walker, J.},
  isbn={9781118230725},
  lccn={2012035307},
  year={2013},
  publisher={Wiley}
}
@book{nussenzveig2013curso,
  title={Curso de f{\'\i}sica b{\'a}sica: Mec{\^a}nica (vol.1)},
  author={Nussenzveig, H.M.},
  isbn={9788521207467},
  series={1},
  year={2013},
  publisher={Blucher}
}
